@inproceedings{shinohara2017visual,
  title={Visual attention during simulated autonomous driving in the US and Japan},
  author={Shinohara, Yumiko and Currano, Rebecca and Ju, Wendy and Nishizaki, Yukiko},
  booktitle={Proceedings of the 9th International Conference on Automotive User Interfaces and Interactive Vehicular Applications},
  pages={144--153},
  year={2017},
  organization={ACM}
}

@inproceedings{bonanni2005attention,
  title={Attention-based design of augmented reality interfaces},
  author={Bonanni, Leonardo and Lee, Chia-Hsun and Selker, Ted},
  booktitle={CHI'05 extended abstracts on Human factors in computing systems},
  pages={1228--1231},
  year={2005},
  organization={ACM}
}

@inproceedings{green1995driver,
  title={A driver interface for a road hazard warning system: Development and preliminary evaluation},
  author={Green, Paul},
  booktitle={Proceedings of the Second World Congress on Intelligent Transportation Systems},
  volume={4},
  pages={1795--1800},
  year={1995}
}

@article{braun1995interaction,
  title={Interaction of signal word and colour on warning labels: differences in perceived hazard and behavioural compliance},
  author={Braun, Curt C and Silver, N Clayton},
  journal={Ergonomics},
  volume={38},
  number={11},
  pages={2207--2220},
  year={1995},
  publisher={Taylor \& Francis}
}

@inproceedings{chittaro20043d,
  title={3D location-pointing as a navigation aid in Virtual Environments},
  author={Chittaro, Luca and Burigat, Stefano},
  booktitle={Proceedings of the working conference on Advanced visual interfaces},
  pages={267--274},
  year={2004},
  organization={ACM}
}

@article{wilkinson1971performance,
  title={Performance after awakening at different times of night},
  author={Wilkinson, Robert T and Stretton, M},
  journal={Psychonomic Science},
  volume={23},
  number={4},
  pages={283--285},
  year={1971},
  publisher={Springer}
}

@article{dinges1985assessing,
  title={Assessing performance upon abrupt awakening from naps during quasi-continuous operations},
  author={Dinges, David F and Orne, Martin T and Orne, Emily Carota},
  journal={Behavior research methods, instruments, \& computers},
  volume={17},
  number={1},
  pages={37--45},
  year={1985},
  publisher={Springer}
}

@article{kraemer2000time,
  title={Time-of-day variations of indicators of attention: performance, physiologic parameters, and self-assessment of sleepiness},
  author={Kraemer, Susanne and Danker-Hopfe, Heidi and Dorn, Hans and Schmidt, Andrea and Ehlert, Ingrid and Herrmann, Werner M},
  journal={Biological psychiatry},
  volume={48},
  number={11},
  pages={1069--1080},
  year={2000},
  publisher={Elsevier}
}

@article{van2002blueprints,
  title={Blueprints for complex learning: The 4C/ID-model},
  author={Van Merri{\"e}nboer, Jeroen JG and Clark, Richard E and De Croock, Marcel BM},
  journal={Educational technology research and development},
  volume={50},
  number={2},
  pages={39--61},
  year={2002},
  publisher={Springer}
}

@article{jewett1999time,
  title={Time course of sleep inertia dissipation in human performance and alertness},
  author={Jewett, Megan E and Wyatt, James K and RITZ-DE CECCO, ANGELA and Khalsa, Sat Bir and DIJK, DERK-JAN and Czeisler, Charles A},
  journal={Journal of sleep research},
  volume={8},
  number={1},
  pages={1--8},
  year={1999},
  publisher={Wiley Online Library}
}

@article{dinges1990you,
  title={Are you awake? Cognitive performance and reverie during the hypnopompic state},
  author={Dinges, David F},
  journal={Sleep and cognition. Washington, DC: American Psychological Association},
  pages={159--75},
  year={1990}
}

@article{ferrara2000sleep,
  title={The sleep inertia phenomenon during the sleep-wake transition: theoretical and operational issues},
  author={Ferrara, Michele and De Gennaro, Luigi},
  journal={Aviation, space, and environmental medicine},
  volume={71},
  number={8},
  pages={843--848},
  year={2000}
}

@article{broughton1968sleep,
  title={Sleep disorders: disorders of arousal?},
  author={Broughton, Roger J},
  journal={Science},
  volume={159},
  number={3819},
  pages={1070--1078},
  year={1968},
  publisher={JSTOR}
}

@article{de2004intracortical,
  title={Intracortical inhibition and facilitation upon awakening from different sleep stages: A transcranial magnetic stimulation study},
  author={De Gennaro, Luigi and Bertini, Mario and Ferrara, Michele and Curcio, Giuseppe and Cristiani, Riccardo and Romei, Vincenzo and Fratello, Fabiana and Pauri, Flavia and Rossini, Paolo Maria},
  journal={European Journal of Neuroscience},
  volume={19},
  number={11},
  pages={3099--3104},
  year={2004},
  publisher={Wiley Online Library}
}

@article{mccartt2000factors,
  title={Factors associated with falling asleep at the wheel among long-distance truck drivers},
  author={McCartt, Anne T and Rohrbaugh, John W and Hammer, Mark C and Fuller, Sandra Z},
  journal={Accident Analysis \& Prevention},
  volume={32},
  number={4},
  pages={493--504},
  year={2000},
  publisher={Elsevier}
}

@article{aschoff1998human,
  title={Human perception of short and long time intervals: its correlation with body temperature and the duration of wake time},
  author={Aschoff, J{\"u}rgen},
  journal={Journal of Biological Rhythms},
  volume={13},
  number={5},
  pages={437--442},
  year={1998},
  publisher={Sage Publications Sage CA: Thousand Oaks, CA}
}

@article{devisch2018mini,
  title={Mini is beautiful: Playing serious mini-games to facilitate collective learning on complex urban processes},
  author={Devisch, Oswald and Gugerell, Katharina and Diephuis, Jeremiah and Constantinescu, Teodora and Ampatzidou, Cristina and Jauschneg, Martina},
  year={2018}
}

@misc{online:condeConventions,
    title           = "Codekonventionen f√ºr C# (C#-Programmierhandbuch)",
    organization    = "Microsoft Corporation",
    author          = "Microsoft Corporation",
    location        = "United States of America",
    howpublished    = {\url{"https://docs.microsoft.com/de-de/dotnet/csharp/programming-guide/inside-a-program/coding-conventions"}},
    month           = jul,
    year            = {2015},
    note            = {Retrieved January 18, 2019}
}

@inproceedings{knibbe2018dream,
  title={The dream is collapsing: the experience of exiting VR},
  author={Knibbe, Jarrod and Schjerlund, Jonas and Petr{\ae}us, Mathias and Hornb{\ae}k, Kasper},
  booktitle={Proceedings of the 2018 CHI Conference on Human Factors in Computing Systems},
  pages={483},
  year={2018},
  organization={ACM}
}
